<?xml version="1.0" encoding="UTF-8"?><record xmlns="http://www.loc.gov/MARC21/slim" xmlns:cinclude="http://apache.org/cocoon/include/1.0" xmlns:zs="http://www.loc.gov/zing/srw/">
  <leader>00498cz  a2200133n  4500</leader>
  <controlfield tag="001">n  89188985 </controlfield>
  <controlfield tag="003">DLC</controlfield>
  <controlfield tag="005">19920721134146.0</controlfield>
  <controlfield tag="008">920529n| acannaab|          |a ana |||  </controlfield>
  <datafield tag="010" ind1=" " ind2=" ">
    <subfield code="a">n  89188985 </subfield>
  </datafield>
  <datafield tag="040" ind1=" " ind2=" ">
    <subfield code="a">DLC</subfield>
    <subfield code="c">DLC</subfield>
    <subfield code="d">DLC-S</subfield>
  </datafield>
  <datafield tag="110" ind1="2" ind2="0">
    <subfield code="a">Jamʻīyah al-Thaqāfīyah li-Madīnat Tūnis</subfield>
  </datafield>
  <datafield tag="410" ind1="2" ind2="0">
    <subfield code="a">Association culturelle de la ville de Tunis</subfield>
  </datafield>
  <datafield tag="670" ind1=" " ind2=" ">
    <subfield code="a">al-Shahr al-thaqāfī, Mārs 1991:</subfield>
    <subfield code="b">p. 1 (al-Jamʻīyah al-Thaqāfīyah li-Madīnat Tūnis, Association culturelle de la ville de Tunis)</subfield>
  </datafield>
</record>